@TECHREPORT {agnerfog2014,
    author      = "Agner Fog",
    title       = "Instruction Tables",
    institution = "Technical University of Denmark",
    year        = "2014"
}
